%YAML 1.1
%TAG !u! tag:unity3d.com,2011:
--- !u!1 &1811111659090890040
GameObject:
  m_ObjectHideFlags: 0
  m_CorrespondingSourceObject: {fileID: 0}
  m_PrefabInstance: {fileID: 0}
  m_PrefabAsset: {fileID: 0}
  serializedVersion: 6
  m_Component:
  - component: {fileID: 3062746017237731372}
  - component: {fileID: 106024788025013857}
  - component: {fileID: 91240136136273287}
  - component: {fileID: 6625452549473345052}
  - component: {fileID: 3983299712296178561}
  m_Layer: 0
  m_Name: Shape
  m_TagString: Untagged
  m_Icon: {fileID: 0}
  m_NavMeshLayer: 0
  m_StaticEditorFlags: 0
  m_IsActive: 1
--- !u!4 &3062746017237731372
Transform:
  m_ObjectHideFlags: 0
  m_CorrespondingSourceObject: {fileID: 0}
  m_PrefabInstance: {fileID: 0}
  m_PrefabAsset: {fileID: 0}
  m_GameObject: {fileID: 1811111659090890040}
  serializedVersion: 2
  m_LocalRotation: {x: 0, y: 0, z: 0, w: 1}
  m_LocalPosition: {x: 0, y: 0, z: 0}
  m_LocalScale: {x: 1, y: 1, z: 1}
  m_ConstrainProportionsScale: 0
  m_Children: []
  m_Father: {fileID: 0}
  m_LocalEulerAnglesHint: {x: 0, y: 0, z: 0}
--- !u!1971053207 &106024788025013857
SpriteShapeRenderer:
  m_ObjectHideFlags: 0
  m_CorrespondingSourceObject: {fileID: 0}
  m_PrefabInstance: {fileID: 0}
  m_PrefabAsset: {fileID: 0}
  m_GameObject: {fileID: 1811111659090890040}
  m_Enabled: 1
  m_CastShadows: 1
  m_ReceiveShadows: 1
  m_DynamicOccludee: 0
  m_StaticShadowCaster: 0
  m_MotionVectors: 1
  m_LightProbeUsage: 1
  m_ReflectionProbeUsage: 1
  m_RayTracingMode: 0
  m_RayTraceProcedural: 0
  m_RenderingLayerMask: 1
  m_RendererPriority: 0
  m_Materials:
  - {fileID: 10754, guid: 0000000000000000f000000000000000, type: 0}
  - {fileID: 10754, guid: 0000000000000000f000000000000000, type: 0}
  m_StaticBatchInfo:
    firstSubMesh: 0
    subMeshCount: 0
  m_StaticBatchRoot: {fileID: 0}
  m_ProbeAnchor: {fileID: 0}
  m_LightProbeVolumeOverride: {fileID: 0}
  m_ScaleInLightmap: 1
  m_ReceiveGI: 1
  m_PreserveUVs: 0
  m_IgnoreNormalsForChartDetection: 0
  m_ImportantGI: 0
  m_StitchLightmapSeams: 1
  m_SelectedEditorRenderState: 0
  m_MinimumChartSize: 4
  m_AutoUVMaxDistance: 0.5
  m_AutoUVMaxAngle: 89
  m_LightmapParameters: {fileID: 0}
  m_SortingLayerID: 0
  m_SortingLayer: 0
  m_SortingOrder: 0
  m_Color: {r: 1, g: 1, b: 1, a: 1}
  m_MaskInteraction: 0
  m_ShapeTexture: {fileID: 2800000, guid: 61a42078e9f598546a190c5097afd549, type: 3}
  m_Sprites:
  - {fileID: 21300000, guid: 4617f3ffc0931ad48ad71c3e40cf0f6a, type: 3}
  - {fileID: 21300000, guid: 4617f3ffc0931ad48ad71c3e40cf0f6a, type: 3}
  - {fileID: 21300000, guid: 4617f3ffc0931ad48ad71c3e40cf0f6a, type: 3}
  - {fileID: 21300000, guid: 608e61deb05c54660bebf5a4dd2ee02d, type: 3}
  - {fileID: 21300000, guid: 608e61deb05c54660bebf5a4dd2ee02d, type: 3}
  - {fileID: 21300000, guid: 608e61deb05c54660bebf5a4dd2ee02d, type: 3}
  - {fileID: 21300000, guid: 608e61deb05c54660bebf5a4dd2ee02d, type: 3}
  - {fileID: 21300000, guid: 608e61deb05c54660bebf5a4dd2ee02d, type: 3}
  - {fileID: 21300000, guid: 608e61deb05c54660bebf5a4dd2ee02d, type: 3}
  - {fileID: 21300000, guid: 608e61deb05c54660bebf5a4dd2ee02d, type: 3}
  - {fileID: 21300000, guid: 608e61deb05c54660bebf5a4dd2ee02d, type: 3}
  m_LocalAABB:
    m_Center: {x: 694.7614, y: 27.370686, z: 0}
    m_Extent: {x: 709.9767, y: 45.483154, z: 0}
  m_SpriteSortPoint: 0
--- !u!114 &91240136136273287
MonoBehaviour:
  m_ObjectHideFlags: 0
  m_CorrespondingSourceObject: {fileID: 0}
  m_PrefabInstance: {fileID: 0}
  m_PrefabAsset: {fileID: 0}
  m_GameObject: {fileID: 1811111659090890040}
  m_Enabled: 1
  m_EditorHideFlags: 0
  m_Script: {fileID: 11500000, guid: 90539df1cd5704abcb25fec9f3f5f84b, type: 3}
  m_Name: 
  m_EditorClassIdentifier: 
  m_Spline:
    m_IsOpenEnded: 0
    m_ControlPoints:
    - position: {x: -15.085618, y: -4.5659842, z: 0}
      leftTangent: {x: 0, y: 0, z: 0}
      rightTangent: {x: 0, y: 0, z: 0}
      mode: 0
      height: 1
      spriteIndex: 0
      corner: 1
      m_CornerMode: 1
    - position: {x: -15.135273, y: -1.3157377, z: 0}
      leftTangent: {x: 0, y: 0, z: 0}
      rightTangent: {x: 2.3121605, y: -0.065012455, z: 0}
      mode: 2
      height: 1
      spriteIndex: 0
      corner: 1
      m_CornerMode: 1
    - position: {x: -4.042738, y: -1.5425644, z: 0}
      leftTangent: {x: -2.3205497, y: 0.023068547, z: 0}
      rightTangent: {x: 0.23470974, y: -0.0027190447, z: 0}
      mode: 1
      height: 1
      spriteIndex: 0
      corner: 1
      m_CornerMode: 1
    - position: {x: 2.6358056, y: -0.4924696, z: 0}
      leftTangent: {x: 0, y: 0, z: 0}
      rightTangent: {x: 0.9653356, y: -0.20117635, z: 0}
      mode: 2
      height: 1
      spriteIndex: 0
      corner: 1
      m_CornerMode: 1
    - position: {x: 4.238266, y: -0.89881784, z: 0}
      leftTangent: {x: -0.9163542, y: 0.3565653, z: 0}
      rightTangent: {x: 1.8393912, y: -0.8605982, z: 0}
      mode: 2
      height: 1
      spriteIndex: 0
      corner: 1
      m_CornerMode: 1
    - position: {x: 9.033703, y: 0.29565564, z: 0}
      leftTangent: {x: -0.45437813, y: -0.30095246, z: 0}
      rightTangent: {x: 1.5457783, y: 0.37600014, z: 0}
      mode: 2
      height: 1
      spriteIndex: 0
      corner: 1
      m_CornerMode: 1
    - position: {x: 15.279484, y: 0.17032242, z: 0}
      leftTangent: {x: 0, y: 0, z: 0}
      rightTangent: {x: 0, y: 0, z: 0}
      mode: 0
      height: 1
      spriteIndex: 0
      corner: 1
      m_CornerMode: 1
    - position: {x: 21.859465, y: 0.5045352, z: 0}
      leftTangent: {x: -1.5875568, y: -0.47348177, z: 0}
      rightTangent: {x: 0.9948025, y: -0.3686391, z: 0}
      mode: 2
      height: 1
      spriteIndex: 0
      corner: 1
      m_CornerMode: 1
    - position: {x: 26.225168, y: -0.49744004, z: 0}
      leftTangent: {x: -0.99480057, y: 0.36863923, z: 0}
      rightTangent: {x: 1.0943031, y: -0.40551066, z: 0}
      mode: 1
      height: 1
      spriteIndex: 0
      corner: 1
      m_CornerMode: 1
    - position: {x: 30.796913, y: 1.6145648, z: 0}
      leftTangent: {x: -0.72018623, y: -0.25526476, z: 0}
      rightTangent: {x: 3.8651097, y: 1.36996, z: -0}
      mode: 1
      height: 1
      spriteIndex: 0
      corner: 1
      m_CornerMode: 1
    - position: {x: 38.937454, y: 0.8483503, z: 0}
      leftTangent: {x: -0.7568245, y: 0.6032232, z: 0}
      rightTangent: {x: 0.26654816, y: -0.21202546, z: 0}
      mode: 1
      height: 1
      spriteIndex: 0
      corner: 1
      m_CornerMode: 1
    - position: {x: 59.027252, y: 2.3393912, z: 0}
      leftTangent: {x: -9.000175, y: -3.3005512, z: 0}
      rightTangent: {x: 2.5147285, y: 2.1829, z: 0}
      mode: 2
      height: 1
      spriteIndex: 0
      corner: 1
      m_CornerMode: 1
    - position: {x: 79.091125, y: 1.3216586, z: 0}
      leftTangent: {x: -8.0346155, y: -4.343236, z: -0}
      rightTangent: {x: 4.0113373, y: 2.1683922, z: 0}
      mode: 1
      height: 1
      spriteIndex: 0
      corner: 1
      m_CornerMode: 1
    - position: {x: 90.4868, y: -1.0297077, z: 0}
      leftTangent: {x: 0, y: 0, z: 0}
      rightTangent: {x: 0, y: 0, z: 0}
      mode: 0
      height: 1
      spriteIndex: 0
      corner: 1
      m_CornerMode: 1
    - position: {x: 103.62623, y: -0.5484565, z: 0}
      leftTangent: {x: -4.0244527, y: -2.4187844, z: -0}
      rightTangent: {x: 9.176445, y: 5.5152445, z: 0}
      mode: 1
      height: 1
      spriteIndex: 0
      corner: 1
      m_CornerMode: 1
    - position: {x: 137.03741, y: 4.1991696, z: 0}
      leftTangent: {x: -14.46624, y: -6.885929, z: 0}
      rightTangent: {x: 9.365787, y: 4.458114, z: -0}
      mode: 1
      height: 1
      spriteIndex: 0
      corner: 1
      m_CornerMode: 1
    - position: {x: 170.46335, y: 1.8116097, z: 0}
      leftTangent: {x: -5.6461487, y: -4.81487, z: 0}
      rightTangent: {x: 5.9884644, y: 5.106792, z: 0}
      mode: 1
      height: 1
      spriteIndex: 0
      corner: 1
      m_CornerMode: 1
    - position: {x: 210.33357, y: 1.3200967, z: 0}
      leftTangent: {x: -12.050079, y: -6.588045, z: 0}
      rightTangent: {x: 8.055786, y: 4.4042788, z: 0}
      mode: 1
      height: 1
      spriteIndex: 0
      corner: 1
      m_CornerMode: 1
    - position: {x: 246.62793, y: -1.1331027, z: 0}
      leftTangent: {x: -10.212913, y: -4.109491, z: -0}
      rightTangent: {x: 11.920959, y: 4.7967825, z: 0}
      mode: 1
      height: 1
      spriteIndex: 0
      corner: 1
      m_CornerMode: 1
    - position: {x: 283.95377, y: -1.7697979, z: 0}
      leftTangent: {x: -9.569183, y: -1.1465062, z: 0}
      rightTangent: {x: 2.8384705, y: 0.34008515, z: 0}
      mode: 1
      height: 1
      spriteIndex: 0
      corner: 1
      m_CornerMode: 1
    - position: {x: 317.0114, y: 1.5732317, z: 0}
      leftTangent: {x: -12.973053, y: 1.8830142, z: 0}
      rightTangent: {x: 2.934967, y: -0.42598438, z: 0}
      mode: 1
      height: 1
      spriteIndex: 0
      corner: 1
      m_CornerMode: 1
    - position: {x: 348.03687, y: 1.9927125, z: 0}
      leftTangent: {x: -21.532927, y: 1.0044413, z: -0}
      rightTangent: {x: 6.224823, y: -0.29036784, z: 0}
      mode: 1
      height: 1
      spriteIndex: 0
      corner: 1
      m_CornerMode: 1
    - position: {x: 378.425, y: -1.4934077, z: 0}
      leftTangent: {x: -6.847748, y: 0.35272145, z: 0}
      rightTangent: {x: 13.266937, y: 4.279077, z: 0}
      mode: 2
      height: 1
      spriteIndex: 0
      corner: 1
      m_CornerMode: 1
    - position: {x: 422.80307, y: 7.0176315, z: 0}
      leftTangent: {x: -14.749176, y: 4.339346, z: 0}
      rightTangent: {x: 13.951691, y: -4.104652, z: 0}
      mode: 1
      height: 1
      spriteIndex: 0
      corner: 1
      m_CornerMode: 1
    - position: {x: 498.5383, y: 25.634274, z: 0}
      leftTangent: {x: -23.503693, y: 2.7710805, z: 0}
      rightTangent: {x: 11.846191, y: -1.3968849, z: 0}
      mode: 1
      height: 1
      spriteIndex: 0
      corner: 1
      m_CornerMode: 1
    - position: {x: 548.6026, y: 9.046633, z: 0}
      leftTangent: {x: -18.687744, y: 0.9814224, z: 0}
      rightTangent: {x: 16.715515, y: -0.8773842, z: 0}
      mode: 1
      height: 1
      spriteIndex: 0
      corner: 1
      m_CornerMode: 1
    - position: {x: 596.71954, y: 26.72816, z: 0}
      leftTangent: {x: -14.946777, y: 5.923462, z: 0}
      rightTangent: {x: 13.602417, y: -5.3904686, z: 0}
      mode: 1
      height: 1
      spriteIndex: 0
      corner: 1
      m_CornerMode: 1
    - position: {x: 669.6129, y: 33.403774, z: 0}
      leftTangent: {x: -17.17609, y: 8.322766, z: -0}
      rightTangent: {x: 23.778503, y: -11.522001, z: 0}
      mode: 1
      height: 1
      spriteIndex: 0
      corner: 1
      m_CornerMode: 1
    - position: {x: 709.1829, y: 12.234972, z: 0}
      leftTangent: {x: -11.480286, y: 4.374468, z: 0}
      rightTangent: {x: 11.222351, y: -4.274973, z: 0}
      mode: 1
      height: 1
      spriteIndex: 0
      corner: 1
      m_CornerMode: 1
    - position: {x: 774.4017, y: 13.974137, z: 0}
      leftTangent: {x: -11.483154, y: -2.1800032, z: 0}
      rightTangent: {x: 20.911278, y: 3.9698718, z: -0}
      mode: 1
      height: 1
      spriteIndex: 0
      corner: 1
      m_CornerMode: 1
    - position: {x: 817.0106, y: 44.119675, z: 0}
      leftTangent: {x: -24.482727, y: -9.685692, z: 0}
      rightTangent: {x: 61.10168, y: 24.172636, z: -0}
      mode: 1
      height: 1
      spriteIndex: 0
      corner: 1
      m_CornerMode: 1
    - position: {x: 1017.6173, y: 22.148134, z: 0}
      leftTangent: {x: -100.84033, y: -3.9930458, z: 0}
      rightTangent: {x: 64.326965, y: 2.5474281, z: 0}
      mode: 1
      height: 1
      spriteIndex: 0
      corner: 1
      m_CornerMode: 1
    - position: {x: 1190.9884, y: 52.40522, z: 0}
      leftTangent: {x: -41.190063, y: 5.8190575, z: 0}
      rightTangent: {x: 11.930298, y: -1.685463, z: 0}
      mode: 1
      height: 1
      spriteIndex: 0
      corner: 1
      m_CornerMode: 1
    - position: {x: 1304.0879, y: 24.201462, z: 0}
      leftTangent: {x: -51.372925, y: -4.0031166, z: 0}
      rightTangent: {x: 49.895752, y: 3.8881035, z: 0}
      mode: 1
      height: 1
      spriteIndex: 0
      corner: 1
      m_CornerMode: 1
    - position: {x: 1388.328, y: 71.63766, z: 0}
      leftTangent: {x: -26.411743, y: 9.713982, z: 0}
      rightTangent: {x: 29.187134, y: -10.734693, z: 0}
      mode: 1
      height: 1
      spriteIndex: 0
      corner: 1
      m_CornerMode: 1
    - position: {x: 1398.7865, y: -18.033108, z: 0}
      leftTangent: {x: 0.0008544922, y: -0.00010871887, z: 0}
      rightTangent: {x: 9.014191, y: -0.21808529, z: 0}
      mode: 2
      height: 1
      spriteIndex: 0
      corner: 1
      m_CornerMode: 1
  m_SpriteShape: {fileID: 11400000, guid: 39d8cb34dcb159449b69c1352e2ff45a, type: 2}
  m_FillPixelPerUnit: 100
  m_StretchTiling: 1
  m_SplineDetail: 16
  m_AdaptiveUV: 1
  m_StretchUV: 0
  m_WorldSpaceUV: 0
  m_CornerAngleThreshold: 30
  m_ColliderDetail: 16
  m_ColliderOffset: 0
  m_UpdateCollider: 1
  m_EnableTangents: 0
  m_GeometryCached: 0
  m_UTess2D: 1
  m_Creator: {fileID: 0}
  m_Modifiers: []
  m_ColliderSegment:
  - {x: -15.085458, y: -4.5659814}
  - {x: -15.135277, y: -1.3158977}
  - {x: -11.747484, y: -1.3984725}
  - {x: -8.28389, y: -1.4716394}
  - {x: -5.1720786, y: -1.5277765}
  - {x: -4.0427303, y: -1.5427241}
  - {x: -3.2414865, y: -1.4320198}
  - {x: -0.94340634, y: -1.0711848}
  - {x: 2.6357732, y: -0.49262625}
  - {x: 3.5563126, y: -0.65984106}
  - {x: 4.2381983, y: -0.89896274}
  - {x: 4.614104, y: -1.0374248}
  - {x: 5.0029016, y: -1.1134068}
  - {x: 5.3996987, y: -1.1341139}
  - {x: 5.7997026, y: -1.1067879}
  - {x: 6.1980944, y: -1.0386623}
  - {x: 6.5900626, y: -0.93696934}
  - {x: 6.970783, y: -0.8089409}
  - {x: 7.335447, y: -0.66180927}
  - {x: 7.6792326, y: -0.5028065}
  - {x: 7.997325, y: -0.3391643}
  - {x: 8.537162, y: -0.026888974}
  - {x: 9.033741, y: 0.2955002}
  - {x: 9.382626, y: 0.35941094}
  - {x: 9.801634, y: 0.40237302}
  - {x: 10.276849, y: 0.42684516}
  - {x: 10.794291, y: 0.43527493}
  - {x: 11.339987, y: 0.430113}
  - {x: 12.460321, y: 0.38881817}
  - {x: 13.526141, y: 0.32256818}
  - {x: 14.778301, y: 0.21929374}
  - {x: 15.343558, y: 0.16852835}
  - {x: 16.632612, y: 0.15159197}
  - {x: 17.687788, y: 0.15560085}
  - {x: 18.857492, y: 0.1821883}
  - {x: 19.447971, y: 0.2072913}
  - {x: 20.022297, y: 0.24204984}
  - {x: 20.56554, y: 0.28780088}
  - {x: 21.062778, y: 0.34588155}
  - {x: 21.499073, y: 0.4176292}
  - {x: 21.859407, y: 0.5043852}
  - {x: 22.324469, y: 0.3619757}
  - {x: 22.897564, y: 0.22769971}
  - {x: 24.872223, y: -0.1559057}
  - {x: 25.484596, y: -0.28722227}
  - {x: 26.008564, y: -0.42518944}
  - {x: 26.225126, y: -0.49759477}
  - {x: 26.465094, y: -0.54451674}
  - {x: 26.742834, y: -0.5286031}
  - {x: 27.05175, y: -0.45816684}
  - {x: 27.385271, y: -0.3415221}
  - {x: 27.73682, y: -0.1869803}
  - {x: 28.099827, y: -0.0028523793}
  - {x: 28.467701, y: 0.20255104}
  - {x: 29.191784, y: 0.6439424}
  - {x: 30.150038, y: 1.2578299}
  - {x: 30.626884, y: 1.5379941}
  - {x: 30.79697, y: 1.614415}
  - {x: 31.564642, y: 1.8508322}
  - {x: 32.318787, y: 2.0166543}
  - {x: 33.05509, y: 2.1186934}
  - {x: 33.769283, y: 2.1637638}
  - {x: 34.457054, y: 2.1586773}
  - {x: 35.114136, y: 2.110249}
  - {x: 35.736195, y: 2.0252914}
  - {x: 36.318966, y: 1.9106194}
  - {x: 36.85814, y: 1.7730446}
  - {x: 37.349438, y: 1.6193817}
  - {x: 37.78855, y: 1.456444}
  - {x: 38.1712, y: 1.2910454}
  - {x: 38.493076, y: 1.1299996}
  - {x: 38.93738, y: 0.8482067}
  - {x: 39.12781, y: 0.7891789}
  - {x: 39.577717, y: 0.70438534}
  - {x: 40.265118, y: 0.6049892}
  - {x: 41.167988, y: 0.5021598}
  - {x: 42.264328, y: 0.40706742}
  - {x: 43.532158, y: 0.33088318}
  - {x: 44.949432, y: 0.28477716}
  - {x: 46.494164, y: 0.27992043}
  - {x: 48.14434, y: 0.32748362}
  - {x: 49.877953, y: 0.43863726}
  - {x: 51.673, y: 0.62455225}
  - {x: 53.50747, y: 0.89639926}
  - {x: 55.35934, y: 1.2653494}
  - {x: 57.206627, y: 1.7425729}
  - {x: 59.02736, y: 2.3392704}
  - {x: 59.621124, y: 2.6525643}
  - {x: 60.38637, y: 2.7448635}
  - {x: 61.30821, y: 2.654672}
  - {x: 62.371494, y: 2.420375}
  - {x: 63.56114, y: 2.0803955}
  - {x: 66.25923, y: 1.2370855}
  - {x: 67.73754, y: 0.8106051}
  - {x: 69.2819, y: 0.43214104}
  - {x: 70.87725, y: 0.1401186}
  - {x: 72.50851, y: -0.027037363}
  - {x: 74.16061, y: -0.030901182}
  - {x: 75.81848, y: 0.16695318}
  - {x: 77.46703, y: 0.60495114}
  - {x: 79.09119, y: 1.3215114}
  - {x: 79.93523, y: 1.6693296}
  - {x: 80.850075, y: 1.8587224}
  - {x: 81.816635, y: 1.9096192}
  - {x: 82.815765, y: 1.8419429}
  - {x: 83.82834, y: 1.6756182}
  - {x: 84.835266, y: 1.4305692}
  - {x: 85.81736, y: 1.1267197}
  - {x: 86.75557, y: 0.78399634}
  - {x: 87.63072, y: 0.42232332}
  - {x: 88.423706, y: 0.061626006}
  - {x: 89.115395, y: -0.27817047}
  - {x: 89.68666, y: -0.5771409}
  - {x: 90.48677, y: -1.0298645}
  - {x: 90.93924, y: -1.1182815}
  - {x: 91.46693, y: -1.2120187}
  - {x: 92.16193, y: -1.3238564}
  - {x: 93.01775, y: -1.4448595}
  - {x: 93.95283, y: -1.5570763}
  - {x: 94.9982, y: -1.6560802}
  - {x: 96.10989, y: -1.7284286}
  - {x: 97.26259, y: -1.7629316}
  - {x: 98.43106, y: -1.7484006}
  - {x: 99.59009, y: -1.6736455}
  - {x: 100.71437, y: -1.5274774}
  - {x: 101.77866, y: -1.2987065}
  - {x: 102.75774, y: -0.9761419}
  - {x: 103.626305, y: -0.54859966}
  - {x: 105.47069, y: 0.38707092}
  - {x: 107.33816, y: 1.0208303}
  - {x: 109.23602, y: 1.401943}
  - {x: 111.17156, y: 1.579668}
  - {x: 113.15208, y: 1.6032629}
  - {x: 115.18491, y: 1.5219862}
  - {x: 119.43659, y: 1.2418528}
  - {x: 121.670074, y: 1.1415143}
  - {x: 123.985016, y: 1.1333407}
  - {x: 126.38878, y: 1.2665913}
  - {x: 128.88858, y: 1.5905255}
  - {x: 131.49178, y: 2.1544032}
  - {x: 134.20566, y: 3.0074835}
  - {x: 137.03748, y: 4.19902}
  - {x: 139.02478, y: 4.8853793}
  - {x: 141.21463, y: 5.1998544}
  - {x: 143.56815, y: 5.200392}
  - {x: 146.04665, y: 4.944936}
  - {x: 148.61122, y: 4.4914284}
  - {x: 151.22325, y: 3.897816}
  - {x: 153.8438, y: 3.2220411}
  - {x: 156.43419, y: 2.5220504}
  - {x: 158.95558, y: 1.8557887}
  - {x: 161.36922, y: 1.2811999}
  - {x: 163.63629, y: 0.8562302}
  - {x: 165.72354, y: 0.6389674}
  - {x: 167.57567, y: 0.6869318}
  - {x: 169.1704, y: 1.0585017}
  - {x: 170.58852, y: 1.8830131}
  - {x: 171.86475, y: 2.6129305}
  - {x: 173.64299, y: 3.0173602}
  - {x: 175.75262, y: 3.0888884}
  - {x: 178.14809, y: 2.8916285}
  - {x: 180.78375, y: 2.4896982}
  - {x: 183.61424, y: 1.9472175}
  - {x: 186.59381, y: 1.3283061}
  - {x: 189.67703, y: 0.69708437}
  - {x: 192.81825, y: 0.11767163}
  - {x: 195.972, y: -0.34581023}
  - {x: 199.09268, y: -0.62924206}
  - {x: 202.13474, y: -0.668503}
  - {x: 205.05263, y: -0.39947128}
  - {x: 207.80081, y: 0.2419742}
  - {x: 210.33363, y: 1.3199487}
  - {x: 212.07243, y: 2.0048702}
  - {x: 214.04547, y: 2.3340218}
  - {x: 216.22118, y: 2.3615363}
  - {x: 218.56792, y: 2.1415403}
  - {x: 221.05399, y: 1.7281617}
  - {x: 223.64795, y: 1.1755298}
  - {x: 226.31802, y: 0.53777206}
  - {x: 229.03275, y: -0.1309812}
  - {x: 231.76038, y: -0.77660066}
  - {x: 234.46936, y: -1.3449574}
  - {x: 237.12807, y: -1.7819213}
  - {x: 239.70493, y: -2.0333633}
  - {x: 242.16824, y: -2.0451531}
  - {x: 244.48648, y: -1.7631595}
  - {x: 246.62799, y: -1.1332552}
  - {x: 249.06136, y: -0.3199304}
  - {x: 251.58101, y: 0.22397353}
  - {x: 254.16885, y: 0.53242147}
  - {x: 256.8068, y: 0.6393742}
  - {x: 259.47668, y: 0.5787925}
  - {x: 262.16058, y: 0.38463745}
  - {x: 264.84015, y: 0.090869784}
  - {x: 267.4975, y: -0.2685486}
  - {x: 270.11444, y: -0.65965664}
  - {x: 272.6728, y: -1.0484939}
  - {x: 275.1546, y: -1.4010981}
  - {x: 277.5417, y: -1.6835082}
  - {x: 279.816, y: -1.8617625}
  - {x: 281.9594, y: -1.9018995}
  - {x: 283.9538, y: -1.769957}
  - {x: 284.70807, y: -1.6446792}
  - {x: 285.8134, y: -1.4182943}
  - {x: 289.10507, y: -0.7090396}
  - {x: 290.90292, y: -0.33364663}
  - {x: 293.08008, y: 0.09601613}
  - {x: 295.44208, y: 0.52621067}
  - {x: 297.95593, y: 0.9368216}
  - {x: 300.58826, y: 1.3077333}
  - {x: 303.3059, y: 1.6188308}
  - {x: 306.07565, y: 1.8499987}
  - {x: 308.86426, y: 1.9811224}
  - {x: 311.63858, y: 1.9920858}
  - {x: 314.36533, y: 1.8627746}
  - {x: 317.0114, y: 1.5730724}
  - {x: 317.65005, y: 1.5167003}
  - {x: 318.40555, y: 1.5118983}
  - {x: 319.29794, y: 1.5495464}
  - {x: 320.34753, y: 1.6205238}
  - {x: 322.9988, y: 1.8259832}
  - {x: 324.77222, y: 1.9501252}
  - {x: 326.5209, y: 2.0553143}
  - {x: 328.65894, y: 2.1561306}
  - {x: 331.07526, y: 2.2355535}
  - {x: 333.78998, y: 2.2844625}
  - {x: 336.82333, y: 2.2937374}
  - {x: 340.1955, y: 2.254258}
  - {x: 343.92657, y: 2.156903}
  - {x: 348.03687, y: 1.9925528}
  - {x: 349.42334, y: 1.9019381}
  - {x: 351.06726, y: 1.7522179}
  - {x: 352.9572, y: 1.5491705}
  - {x: 354.97394, y: 1.311321}
  - {x: 357.1601, y: 1.038075}
  - {x: 359.4505, y: 0.74158454}
  - {x: 364.19012, y: 0.1147303}
  - {x: 366.56287, y: -0.19770247}
  - {x: 368.8864, y: -0.49751866}
  - {x: 371.1225, y: -0.77575314}
  - {x: 373.31586, y: -1.0323439}
  - {x: 375.1787, y: -1.2316157}
  - {x: 376.92224, y: -1.3913131}
  - {x: 378.42505, y: -1.49356}
  - {x: 381.11832, y: -0.58561087}
  - {x: 383.88574, y: 0.4062145}
  - {x: 389.60965, y: 2.5191622}
  - {x: 392.54926, y: 3.579118}
  - {x: 395.52972, y: 4.60062}
  - {x: 398.5424, y: 5.553081}
  - {x: 401.579, y: 6.405923}
  - {x: 404.63126, y: 7.1285615}
  - {x: 407.69067, y: 7.690412}
  - {x: 410.74896, y: 8.060894}
  - {x: 413.79767, y: 8.209423}
  - {x: 416.8285, y: 8.105419}
  - {x: 419.83313, y: 7.7182984}
  - {x: 422.80304, y: 7.017474}
  - {x: 425.90622, y: 6.574025}
  - {x: 429.58856, y: 6.81697}
  - {x: 433.78073, y: 7.6434445}
  - {x: 438.413, y: 8.950585}
  - {x: 443.4159, y: 10.635523}
  - {x: 448.72006, y: 12.595402}
  - {x: 454.25568, y: 14.727354}
  - {x: 459.9536, y: 16.92852}
  - {x: 465.74405, y: 19.096033}
  - {x: 471.55762, y: 21.12703}
  - {x: 477.32468, y: 22.918655}
  - {x: 482.9758, y: 24.368034}
  - {x: 488.44147, y: 25.372314}
  - {x: 493.65213, y: 25.828627}
  - {x: 498.53827, y: 25.634113}
  - {x: 501.00742, y: 25.191622}
  - {x: 503.66635, y: 24.453762}
  - {x: 506.49985, y: 23.466822}
  - {x: 509.49283, y: 22.2771}
  - {x: 512.62994, y: 20.930882}
  - {x: 515.8964, y: 19.474476}
  - {x: 519.27655, y: 17.954159}
  - {x: 522.7557, y: 16.41624}
  - {x: 526.3185, y: 14.907005}
  - {x: 529.9498, y: 13.472751}
  - {x: 533.6343, y: 12.159769}
  - {x: 537.35706, y: 11.014358}
  - {x: 541.1028, y: 10.082808}
  - {x: 544.8563, y: 9.411415}
  - {x: 548.6026, y: 9.046473}
  - {x: 551.9419, y: 9.192605}
  - {x: 555.272, y: 9.91586}
  - {x: 558.59076, y: 11.117101}
  - {x: 561.8958, y: 12.697187}
  - {x: 565.185, y: 14.556972}
  - {x: 568.45636, y: 16.597326}
  - {x: 571.7072, y: 18.719099}
  - {x: 574.9357, y: 20.823164}
  - {x: 578.13947, y: 22.810375}
  - {x: 581.31647, y: 24.581594}
  - {x: 584.4641, y: 26.037683}
  - {x: 587.58057, y: 27.079508}
  - {x: 590.6633, y: 27.607927}
  - {x: 593.71045, y: 27.523804}
  - {x: 596.7195, y: 26.728006}
  - {x: 599.8044, y: 25.977486}
  - {x: 603.5545, y: 25.817549}
  - {x: 607.8749, y: 26.151314}
  - {x: 612.67065, y: 26.881907}
  - {x: 617.84644, y: 27.912457}
  - {x: 623.3076, y: 29.146097}
  - {x: 628.95874, y: 30.485939}
  - {x: 634.7052, y: 31.835129}
  - {x: 640.4519, y: 33.096783}
  - {x: 646.1036, y: 34.174023}
  - {x: 651.56537, y: 34.96999}
  - {x: 656.74225, y: 35.38781}
  - {x: 661.53906, y: 35.330597}
  - {x: 665.86096, y: 34.7015}
  - {x: 669.61285, y: 33.40363}
  - {x: 674.1169, y: 31.180979}
  - {x: 678.1491, y: 29.115463}
  - {x: 681.757, y: 27.19758}
  - {x: 684.98785, y: 25.417814}
  - {x: 687.88873, y: 23.76664}
  - {x: 690.5075, y: 22.234562}
  - {x: 692.89105, y: 20.812048}
  - {x: 695.0872, y: 19.489595}
  - {x: 697.1429, y: 18.257687}
  - {x: 699.1058, y: 17.106804}
  - {x: 701.0229, y: 16.027435}
  - {x: 702.94183, y: 15.01007}
  - {x: 704.91, y: 14.045185}
  - {x: 706.9744, y: 13.123276}
  - {x: 709.18286, y: 12.23482}
  - {x: 711.82605, y: 11.485051}
  - {x: 715.19305, y: 10.934167}
  - {x: 719.17267, y: 10.564817}
  - {x: 723.6545, y: 10.359637}
  - {x: 728.52734, y: 10.301273}
  - {x: 733.68085, y: 10.37237}
  - {x: 739.0039, y: 10.555565}
  - {x: 744.3859, y: 10.833508}
  - {x: 749.71594, y: 11.188837}
  - {x: 754.88336, y: 11.604198}
  - {x: 759.7772, y: 12.062234}
  - {x: 764.28674, y: 12.545587}
  - {x: 768.3013, y: 13.0369}
  - {x: 771.7098, y: 13.518816}
  - {x: 774.40173, y: 13.973981}
  - {x: 778.2831, y: 14.929168}
  - {x: 781.62335, y: 16.183872}
  - {x: 784.51276, y: 17.703741}
  - {x: 787.0421, y: 19.454418}
  - {x: 789.30176, y: 21.40154}
  - {x: 791.3829, y: 23.510767}
  - {x: 793.37537, y: 25.747719}
  - {x: 795.3703, y: 28.078066}
  - {x: 797.4583, y: 30.467442}
  - {x: 799.7296, y: 32.881493}
  - {x: 802.27527, y: 35.285866}
  - {x: 805.18555, y: 37.646214}
  - {x: 808.5511, y: 39.928173}
  - {x: 812.4626, y: 42.097393}
  - {x: 817.0106, y: 44.119522}
  - {x: 828.9569, y: 48.001305}
  - {x: 840.45526, y: 50.12983}
  - {x: 851.6562, y: 50.733437}
  - {x: 862.71, y: 50.040462}
  - {x: 873.76697, y: 48.279232}
  - {x: 884.97815, y: 45.678123}
  - {x: 896.49316, y: 42.465424}
  - {x: 908.46313, y: 38.869503}
  - {x: 921.03796, y: 35.118687}
  - {x: 934.3684, y: 31.441313}
  - {x: 948.6046, y: 28.065727}
  - {x: 963.89734, y: 25.220259}
  - {x: 980.39667, y: 23.133251}
  - {x: 998.25323, y: 22.033047}
  - {x: 1017.6173, y: 22.147974}
  - {x: 1030.5209, y: 23.04971}
  - {x: 1043.4647, y: 24.652576}
  - {x: 1056.3953, y: 26.831558}
  - {x: 1069.259, y: 29.461618}
  - {x: 1082.0017, y: 32.417717}
  - {x: 1094.5706, y: 35.574852}
  - {x: 1107.0217, y: 38.83722}
  - {x: 1118.9701, y: 41.99205}
  - {x: 1130.6938, y: 45.002068}
  - {x: 1142.0286, y: 47.712975}
  - {x: 1152.9205, y: 49.999767}
  - {x: 1163.3162, y: 51.73739}
  - {x: 1173.1619, y: 52.800842}
  - {x: 1182.4047, y: 53.065018}
  - {x: 1190.9884, y: 52.405064}
  - {x: 1193.8687, y: 51.70227}
  - {x: 1197.6942, y: 50.343155}
  - {x: 1202.4001, y: 48.440365}
  - {x: 1214.1965, y: 43.454304}
  - {x: 1221.158, y: 40.59634}
  - {x: 1228.7417, y: 37.645233}
  - {x: 1236.8838, y: 34.71367}
  - {x: 1245.5197, y: 31.914268}
  - {x: 1254.5846, y: 29.359678}
  - {x: 1264.014, y: 27.162544}
  - {x: 1273.7437, y: 25.43549}
  - {x: 1283.7087, y: 24.291172}
  - {x: 1293.8452, y: 23.842232}
  - {x: 1304.0879, y: 24.201302}
  - {x: 1313.5255, y: 25.60396}
  - {x: 1321.9515, y: 28.123522}
  - {x: 1329.4734, y: 31.56026}
  - {x: 1336.1987, y: 35.714443}
  - {x: 1342.2344, y: 40.38632}
  - {x: 1347.689, y: 45.376183}
  - {x: 1352.6687, y: 50.48427}
  - {x: 1361.6357, y: 60.256218}
  - {x: 1365.8374, y: 64.520615}
  - {x: 1369.9949, y: 68.10431}
  - {x: 1374.2151, y: 70.80758}
  - {x: 1378.6057, y: 72.43069}
  - {x: 1383.2742, y: 72.77391}
  - {x: 1388.328, y: 71.637505}
  - {x: 1393.5461, y: 68.62485}
  - {x: 1397.6053, y: 64.05505}
  - {x: 1400.6234, y: 58.18971}
  - {x: 1402.7196, y: 51.290386}
  - {x: 1404.0114, y: 43.618656}
  - {x: 1404.6185, y: 35.43613}
  - {x: 1404.6581, y: 27.004337}
  - {x: 1404.2496, y: 18.584898}
  - {x: 1403.5114, y: 10.439378}
  - {x: 1402.5612, y: 2.8293543}
  - {x: 1401.5184, y: -3.9835966}
  - {x: 1400.5009, y: -9.737891}
  - {x: 1399.6276, y: -14.171955}
  - {x: 1399.0162, y: -17.024208}
  - {x: 1398.7865, y: -18.033108}
  - {x: 1382.343, y: -17.899523}
  - {x: 1332.791, y: -17.444227}
  - {x: 1255.2052, y: -16.716272}
  - {x: 1154.661, y: -15.764703}
  - {x: 1036.2332, y: -14.6385565}
  - {x: 904.99774, y: -13.386895}
  - {x: 766.0289, y: -12.05875}
  - {x: 624.40234, y: -10.703177}
  - {x: 485.1934, y: -9.36922}
  - {x: 353.4769, y: -8.105925}
  - {x: 234.32819, y: -6.9623356}
  - {x: 132.82243, y: -5.987501}
  - {x: 54.034744, y: -5.230467}
  - {x: -15.085458, y: -4.5659814}
--- !u!68 &6625452549473345052
EdgeCollider2D:
  m_ObjectHideFlags: 0
  m_CorrespondingSourceObject: {fileID: 0}
  m_PrefabInstance: {fileID: 0}
  m_PrefabAsset: {fileID: 0}
  m_GameObject: {fileID: 1811111659090890040}
  m_Enabled: 1
  m_Density: 1
  m_Material: {fileID: 0}
  m_IncludeLayers:
    serializedVersion: 2
    m_Bits: 0
  m_ExcludeLayers:
    serializedVersion: 2
    m_Bits: 0
  m_LayerOverridePriority: 0
  m_ForceSendLayers:
    serializedVersion: 2
    m_Bits: 4294967295
  m_ForceReceiveLayers:
    serializedVersion: 2
    m_Bits: 4294967295
  m_ContactCaptureLayers:
    serializedVersion: 2
    m_Bits: 4294967295
  m_CallbackLayers:
    serializedVersion: 2
    m_Bits: 4294967295
  m_IsTrigger: 0
  m_UsedByEffector: 0
  m_UsedByComposite: 0
  m_Offset: {x: 0, y: 0}
  m_EdgeRadius: 0
  m_Points:
  - {x: -15.085458, y: -4.5659814}
  - {x: -15.135277, y: -1.3158977}
  - {x: -11.747484, y: -1.3984725}
  - {x: -8.28389, y: -1.4716394}
  - {x: -5.1720786, y: -1.5277765}
  - {x: -4.0427303, y: -1.5427241}
  - {x: -3.2414865, y: -1.4320198}
  - {x: -0.94340634, y: -1.0711848}
  - {x: 2.6357732, y: -0.49262625}
  - {x: 3.5563126, y: -0.65984106}
  - {x: 4.2381983, y: -0.89896274}
  - {x: 4.614104, y: -1.0374248}
  - {x: 5.0029016, y: -1.1134068}
  - {x: 5.3996987, y: -1.1341139}
  - {x: 5.7997026, y: -1.1067879}
  - {x: 6.1980944, y: -1.0386623}
  - {x: 6.5900626, y: -0.93696934}
  - {x: 6.970783, y: -0.8089409}
  - {x: 7.335447, y: -0.66180927}
  - {x: 7.6792326, y: -0.5028065}
  - {x: 7.997325, y: -0.3391643}
  - {x: 8.537162, y: -0.026888974}
  - {x: 9.033741, y: 0.2955002}
  - {x: 9.382626, y: 0.35941094}
  - {x: 9.801634, y: 0.40237302}
  - {x: 10.276849, y: 0.42684516}
  - {x: 10.794291, y: 0.43527493}
  - {x: 11.339987, y: 0.430113}
  - {x: 12.460321, y: 0.38881817}
  - {x: 13.526141, y: 0.32256818}
  - {x: 14.778301, y: 0.21929374}
  - {x: 15.343558, y: 0.16852835}
  - {x: 16.632612, y: 0.15159197}
  - {x: 17.687788, y: 0.15560085}
  - {x: 18.857492, y: 0.1821883}
  - {x: 19.447971, y: 0.2072913}
  - {x: 20.022297, y: 0.24204984}
  - {x: 20.56554, y: 0.28780088}
  - {x: 21.062778, y: 0.34588155}
  - {x: 21.499073, y: 0.4176292}
  - {x: 21.859407, y: 0.5043852}
  - {x: 22.324469, y: 0.3619757}
  - {x: 22.897564, y: 0.22769971}
  - {x: 24.872223, y: -0.1559057}
  - {x: 25.484596, y: -0.28722227}
  - {x: 26.008564, y: -0.42518944}
  - {x: 26.225126, y: -0.49759477}
  - {x: 26.465094, y: -0.54451674}
  - {x: 26.742834, y: -0.5286031}
  - {x: 27.05175, y: -0.45816684}
  - {x: 27.385271, y: -0.3415221}
  - {x: 27.73682, y: -0.1869803}
  - {x: 28.099827, y: -0.0028523793}
  - {x: 28.467701, y: 0.20255104}
  - {x: 29.191784, y: 0.6439424}
  - {x: 30.150038, y: 1.2578299}
  - {x: 30.626884, y: 1.5379941}
  - {x: 30.79697, y: 1.614415}
  - {x: 31.564642, y: 1.8508322}
  - {x: 32.318787, y: 2.0166543}
  - {x: 33.05509, y: 2.1186934}
  - {x: 33.769283, y: 2.1637638}
  - {x: 34.457054, y: 2.1586773}
  - {x: 35.114136, y: 2.110249}
  - {x: 35.736195, y: 2.0252914}
  - {x: 36.318966, y: 1.9106194}
  - {x: 36.85814, y: 1.7730446}
  - {x: 37.349438, y: 1.6193817}
  - {x: 37.78855, y: 1.456444}
  - {x: 38.1712, y: 1.2910454}
  - {x: 38.493076, y: 1.1299996}
  - {x: 38.93738, y: 0.8482067}
  - {x: 39.12781, y: 0.7891789}
  - {x: 39.577717, y: 0.70438534}
  - {x: 40.265118, y: 0.6049892}
  - {x: 41.167988, y: 0.5021598}
  - {x: 42.264328, y: 0.40706742}
  - {x: 43.532158, y: 0.33088318}
  - {x: 44.949432, y: 0.28477716}
  - {x: 46.494164, y: 0.27992043}
  - {x: 48.14434, y: 0.32748362}
  - {x: 49.877953, y: 0.43863726}
  - {x: 51.673, y: 0.62455225}
  - {x: 53.50747, y: 0.89639926}
  - {x: 55.35934, y: 1.2653494}
  - {x: 57.206627, y: 1.7425729}
  - {x: 59.02736, y: 2.3392704}
  - {x: 59.621124, y: 2.6525643}
  - {x: 60.38637, y: 2.7448635}
  - {x: 61.30821, y: 2.654672}
  - {x: 62.371494, y: 2.420375}
  - {x: 63.56114, y: 2.0803955}
  - {x: 66.25923, y: 1.2370855}
  - {x: 67.73754, y: 0.8106051}
  - {x: 69.2819, y: 0.43214104}
  - {x: 70.87725, y: 0.1401186}
  - {x: 72.50851, y: -0.027037363}
  - {x: 74.16061, y: -0.030901182}
  - {x: 75.81848, y: 0.16695318}
  - {x: 77.46703, y: 0.60495114}
  - {x: 79.09119, y: 1.3215114}
  - {x: 79.93523, y: 1.6693296}
  - {x: 80.850075, y: 1.8587224}
  - {x: 81.816635, y: 1.9096192}
  - {x: 82.815765, y: 1.8419429}
  - {x: 83.82834, y: 1.6756182}
  - {x: 84.835266, y: 1.4305692}
  - {x: 85.81736, y: 1.1267197}
  - {x: 86.75557, y: 0.78399634}
  - {x: 87.63072, y: 0.42232332}
  - {x: 88.423706, y: 0.061626006}
  - {x: 89.115395, y: -0.27817047}
  - {x: 89.68666, y: -0.5771409}
  - {x: 90.48677, y: -1.0298645}
  - {x: 90.93924, y: -1.1182815}
  - {x: 91.46693, y: -1.2120187}
  - {x: 92.16193, y: -1.3238564}
  - {x: 93.01775, y: -1.4448595}
  - {x: 93.95283, y: -1.5570763}
  - {x: 94.9982, y: -1.6560802}
  - {x: 96.10989, y: -1.7284286}
  - {x: 97.26259, y: -1.7629316}
  - {x: 98.43106, y: -1.7484006}
  - {x: 99.59009, y: -1.6736455}
  - {x: 100.71437, y: -1.5274774}
  - {x: 101.77866, y: -1.2987065}
  - {x: 102.75774, y: -0.9761419}
  - {x: 103.626305, y: -0.54859966}
  - {x: 105.47069, y: 0.38707092}
  - {x: 107.33816, y: 1.0208303}
  - {x: 109.23602, y: 1.401943}
  - {x: 111.17156, y: 1.579668}
  - {x: 113.15208, y: 1.6032629}
  - {x: 115.18491, y: 1.5219862}
  - {x: 119.43659, y: 1.2418528}
  - {x: 121.670074, y: 1.1415143}
  - {x: 123.985016, y: 1.1333407}
  - {x: 126.38878, y: 1.2665913}
  - {x: 128.88858, y: 1.5905255}
  - {x: 131.49178, y: 2.1544032}
  - {x: 134.20566, y: 3.0074835}
  - {x: 137.03748, y: 4.19902}
  - {x: 139.02478, y: 4.8853793}
  - {x: 141.21463, y: 5.1998544}
  - {x: 143.56815, y: 5.200392}
  - {x: 146.04665, y: 4.944936}
  - {x: 148.61122, y: 4.4914284}
  - {x: 151.22325, y: 3.897816}
  - {x: 153.8438, y: 3.2220411}
  - {x: 156.43419, y: 2.5220504}
  - {x: 158.95558, y: 1.8557887}
  - {x: 161.36922, y: 1.2811999}
  - {x: 163.63629, y: 0.8562302}
  - {x: 165.72354, y: 0.6389674}
  - {x: 167.57567, y: 0.6869318}
  - {x: 169.1704, y: 1.0585017}
  - {x: 170.58852, y: 1.8830131}
  - {x: 171.86475, y: 2.6129305}
  - {x: 173.64299, y: 3.0173602}
  - {x: 175.75262, y: 3.0888884}
  - {x: 178.14809, y: 2.8916285}
  - {x: 180.78375, y: 2.4896982}
  - {x: 183.61424, y: 1.9472175}
  - {x: 186.59381, y: 1.3283061}
  - {x: 189.67703, y: 0.69708437}
  - {x: 192.81825, y: 0.11767163}
  - {x: 195.972, y: -0.34581023}
  - {x: 199.09268, y: -0.62924206}
  - {x: 202.13474, y: -0.668503}
  - {x: 205.05263, y: -0.39947128}
  - {x: 207.80081, y: 0.2419742}
  - {x: 210.33363, y: 1.3199487}
  - {x: 212.07243, y: 2.0048702}
  - {x: 214.04547, y: 2.3340218}
  - {x: 216.22118, y: 2.3615363}
  - {x: 218.56792, y: 2.1415403}
  - {x: 221.05399, y: 1.7281617}
  - {x: 223.64795, y: 1.1755298}
  - {x: 226.31802, y: 0.53777206}
  - {x: 229.03275, y: -0.1309812}
  - {x: 231.76038, y: -0.77660066}
  - {x: 234.46936, y: -1.3449574}
  - {x: 237.12807, y: -1.7819213}
  - {x: 239.70493, y: -2.0333633}
  - {x: 242.16824, y: -2.0451531}
  - {x: 244.48648, y: -1.7631595}
  - {x: 246.62799, y: -1.1332552}
  - {x: 249.06136, y: -0.3199304}
  - {x: 251.58101, y: 0.22397353}
  - {x: 254.16885, y: 0.53242147}
  - {x: 256.8068, y: 0.6393742}
  - {x: 259.47668, y: 0.5787925}
  - {x: 262.16058, y: 0.38463745}
  - {x: 264.84015, y: 0.090869784}
  - {x: 267.4975, y: -0.2685486}
  - {x: 270.11444, y: -0.65965664}
  - {x: 272.6728, y: -1.0484939}
  - {x: 275.1546, y: -1.4010981}
  - {x: 277.5417, y: -1.6835082}
  - {x: 279.816, y: -1.8617625}
  - {x: 281.9594, y: -1.9018995}
  - {x: 283.9538, y: -1.769957}
  - {x: 284.70807, y: -1.6446792}
  - {x: 285.8134, y: -1.4182943}
  - {x: 289.10507, y: -0.7090396}
  - {x: 290.90292, y: -0.33364663}
  - {x: 293.08008, y: 0.09601613}
  - {x: 295.44208, y: 0.52621067}
  - {x: 297.95593, y: 0.9368216}
  - {x: 300.58826, y: 1.3077333}
  - {x: 303.3059, y: 1.6188308}
  - {x: 306.07565, y: 1.8499987}
  - {x: 308.86426, y: 1.9811224}
  - {x: 311.63858, y: 1.9920858}
  - {x: 314.36533, y: 1.8627746}
  - {x: 317.0114, y: 1.5730724}
  - {x: 317.65005, y: 1.5167003}
  - {x: 318.40555, y: 1.5118983}
  - {x: 319.29794, y: 1.5495464}
  - {x: 320.34753, y: 1.6205238}
  - {x: 322.9988, y: 1.8259832}
  - {x: 324.77222, y: 1.9501252}
  - {x: 326.5209, y: 2.0553143}
  - {x: 328.65894, y: 2.1561306}
  - {x: 331.07526, y: 2.2355535}
  - {x: 333.78998, y: 2.2844625}
  - {x: 336.82333, y: 2.2937374}
  - {x: 340.1955, y: 2.254258}
  - {x: 343.92657, y: 2.156903}
  - {x: 348.03687, y: 1.9925528}
  - {x: 349.42334, y: 1.9019381}
  - {x: 351.06726, y: 1.7522179}
  - {x: 352.9572, y: 1.5491705}
  - {x: 354.97394, y: 1.311321}
  - {x: 357.1601, y: 1.038075}
  - {x: 359.4505, y: 0.74158454}
  - {x: 364.19012, y: 0.1147303}
  - {x: 366.56287, y: -0.19770247}
  - {x: 368.8864, y: -0.49751866}
  - {x: 371.1225, y: -0.77575314}
  - {x: 373.31586, y: -1.0323439}
  - {x: 375.1787, y: -1.2316157}
  - {x: 376.92224, y: -1.3913131}
  - {x: 378.42505, y: -1.49356}
  - {x: 381.11832, y: -0.58561087}
  - {x: 383.88574, y: 0.4062145}
  - {x: 389.60965, y: 2.5191622}
  - {x: 392.54926, y: 3.579118}
  - {x: 395.52972, y: 4.60062}
  - {x: 398.5424, y: 5.553081}
  - {x: 401.579, y: 6.405923}
  - {x: 404.63126, y: 7.1285615}
  - {x: 407.69067, y: 7.690412}
  - {x: 410.74896, y: 8.060894}
  - {x: 413.79767, y: 8.209423}
  - {x: 416.8285, y: 8.105419}
  - {x: 419.83313, y: 7.7182984}
  - {x: 422.80304, y: 7.017474}
  - {x: 425.90622, y: 6.574025}
  - {x: 429.58856, y: 6.81697}
  - {x: 433.78073, y: 7.6434445}
  - {x: 438.413, y: 8.950585}
  - {x: 443.4159, y: 10.635523}
  - {x: 448.72006, y: 12.595402}
  - {x: 454.25568, y: 14.727354}
  - {x: 459.9536, y: 16.92852}
  - {x: 465.74405, y: 19.096033}
  - {x: 471.55762, y: 21.12703}
  - {x: 477.32468, y: 22.918655}
  - {x: 482.9758, y: 24.368034}
  - {x: 488.44147, y: 25.372314}
  - {x: 493.65213, y: 25.828627}
  - {x: 498.53827, y: 25.634113}
  - {x: 501.00742, y: 25.191622}
  - {x: 503.66635, y: 24.453762}
  - {x: 506.49985, y: 23.466822}
  - {x: 509.49283, y: 22.2771}
  - {x: 512.62994, y: 20.930882}
  - {x: 515.8964, y: 19.474476}
  - {x: 519.27655, y: 17.954159}
  - {x: 522.7557, y: 16.41624}
  - {x: 526.3185, y: 14.907005}
  - {x: 529.9498, y: 13.472751}
  - {x: 533.6343, y: 12.159769}
  - {x: 537.35706, y: 11.014358}
  - {x: 541.1028, y: 10.082808}
  - {x: 544.8563, y: 9.411415}
  - {x: 548.6026, y: 9.046473}
  - {x: 551.9419, y: 9.192605}
  - {x: 555.272, y: 9.91586}
  - {x: 558.59076, y: 11.117101}
  - {x: 561.8958, y: 12.697187}
  - {x: 565.185, y: 14.556972}
  - {x: 568.45636, y: 16.597326}
  - {x: 571.7072, y: 18.719099}
  - {x: 574.9357, y: 20.823164}
  - {x: 578.13947, y: 22.810375}
  - {x: 581.31647, y: 24.581594}
  - {x: 584.4641, y: 26.037683}
  - {x: 587.58057, y: 27.079508}
  - {x: 590.6633, y: 27.607927}
  - {x: 593.71045, y: 27.523804}
  - {x: 596.7195, y: 26.728006}
  - {x: 599.8044, y: 25.977486}
  - {x: 603.5545, y: 25.817549}
  - {x: 607.8749, y: 26.151314}
  - {x: 612.67065, y: 26.881907}
  - {x: 617.84644, y: 27.912457}
  - {x: 623.3076, y: 29.146097}
  - {x: 628.95874, y: 30.485939}
  - {x: 634.7052, y: 31.835129}
  - {x: 640.4519, y: 33.096783}
  - {x: 646.1036, y: 34.174023}
  - {x: 651.56537, y: 34.96999}
  - {x: 656.74225, y: 35.38781}
  - {x: 661.53906, y: 35.330597}
  - {x: 665.86096, y: 34.7015}
  - {x: 669.61285, y: 33.40363}
  - {x: 674.1169, y: 31.180979}
  - {x: 678.1491, y: 29.115463}
  - {x: 681.757, y: 27.19758}
  - {x: 684.98785, y: 25.417814}
  - {x: 687.88873, y: 23.76664}
  - {x: 690.5075, y: 22.234562}
  - {x: 692.89105, y: 20.812048}
  - {x: 695.0872, y: 19.489595}
  - {x: 697.1429, y: 18.257687}
  - {x: 699.1058, y: 17.106804}
  - {x: 701.0229, y: 16.027435}
  - {x: 702.94183, y: 15.01007}
  - {x: 704.91, y: 14.045185}
  - {x: 706.9744, y: 13.123276}
  - {x: 709.18286, y: 12.23482}
  - {x: 711.82605, y: 11.485051}
  - {x: 715.19305, y: 10.934167}
  - {x: 719.17267, y: 10.564817}
  - {x: 723.6545, y: 10.359637}
  - {x: 728.52734, y: 10.301273}
  - {x: 733.68085, y: 10.37237}
  - {x: 739.0039, y: 10.555565}
  - {x: 744.3859, y: 10.833508}
  - {x: 749.71594, y: 11.188837}
  - {x: 754.88336, y: 11.604198}
  - {x: 759.7772, y: 12.062234}
  - {x: 764.28674, y: 12.545587}
  - {x: 768.3013, y: 13.0369}
  - {x: 771.7098, y: 13.518816}
  - {x: 774.40173, y: 13.973981}
  - {x: 778.2831, y: 14.929168}
  - {x: 781.62335, y: 16.183872}
  - {x: 784.51276, y: 17.703741}
  - {x: 787.0421, y: 19.454418}
  - {x: 789.30176, y: 21.40154}
  - {x: 791.3829, y: 23.510767}
  - {x: 793.37537, y: 25.747719}
  - {x: 795.3703, y: 28.078066}
  - {x: 797.4583, y: 30.467442}
  - {x: 799.7296, y: 32.881493}
  - {x: 802.27527, y: 35.285866}
  - {x: 805.18555, y: 37.646214}
  - {x: 808.5511, y: 39.928173}
  - {x: 812.4626, y: 42.097393}
  - {x: 817.0106, y: 44.119522}
  - {x: 828.9569, y: 48.001305}
  - {x: 840.45526, y: 50.12983}
  - {x: 851.6562, y: 50.733437}
  - {x: 862.71, y: 50.040462}
  - {x: 873.76697, y: 48.279232}
  - {x: 884.97815, y: 45.678123}
  - {x: 896.49316, y: 42.465424}
  - {x: 908.46313, y: 38.869503}
  - {x: 921.03796, y: 35.118687}
  - {x: 934.3684, y: 31.441313}
  - {x: 948.6046, y: 28.065727}
  - {x: 963.89734, y: 25.220259}
  - {x: 980.39667, y: 23.133251}
  - {x: 998.25323, y: 22.033047}
  - {x: 1017.6173, y: 22.147974}
  - {x: 1030.5209, y: 23.04971}
  - {x: 1043.4647, y: 24.652576}
  - {x: 1056.3953, y: 26.831558}
  - {x: 1069.259, y: 29.461618}
  - {x: 1082.0017, y: 32.417717}
  - {x: 1094.5706, y: 35.574852}
  - {x: 1107.0217, y: 38.83722}
  - {x: 1118.9701, y: 41.99205}
  - {x: 1130.6938, y: 45.002068}
  - {x: 1142.0286, y: 47.712975}
  - {x: 1152.9205, y: 49.999767}
  - {x: 1163.3162, y: 51.73739}
  - {x: 1173.1619, y: 52.800842}
  - {x: 1182.4047, y: 53.065018}
  - {x: 1190.9884, y: 52.405064}
  - {x: 1193.8687, y: 51.70227}
  - {x: 1197.6942, y: 50.343155}
  - {x: 1202.4001, y: 48.440365}
  - {x: 1214.1965, y: 43.454304}
  - {x: 1221.158, y: 40.59634}
  - {x: 1228.7417, y: 37.645233}
  - {x: 1236.8838, y: 34.71367}
  - {x: 1245.5197, y: 31.914268}
  - {x: 1254.5846, y: 29.359678}
  - {x: 1264.014, y: 27.162544}
  - {x: 1273.7437, y: 25.43549}
  - {x: 1283.7087, y: 24.291172}
  - {x: 1293.8452, y: 23.842232}
  - {x: 1304.0879, y: 24.201302}
  - {x: 1313.5255, y: 25.60396}
  - {x: 1321.9515, y: 28.123522}
  - {x: 1329.4734, y: 31.56026}
  - {x: 1336.1987, y: 35.714443}
  - {x: 1342.2344, y: 40.38632}
  - {x: 1347.689, y: 45.376183}
  - {x: 1352.6687, y: 50.48427}
  - {x: 1361.6357, y: 60.256218}
  - {x: 1365.8374, y: 64.520615}
  - {x: 1369.9949, y: 68.10431}
  - {x: 1374.2151, y: 70.80758}
  - {x: 1378.6057, y: 72.43069}
  - {x: 1383.2742, y: 72.77391}
  - {x: 1388.328, y: 71.637505}
  - {x: 1393.5461, y: 68.62485}
  - {x: 1397.6053, y: 64.05505}
  - {x: 1400.6234, y: 58.18971}
  - {x: 1402.7196, y: 51.290386}
  - {x: 1404.0114, y: 43.618656}
  - {x: 1404.6185, y: 35.43613}
  - {x: 1404.6581, y: 27.004337}
  - {x: 1404.2496, y: 18.584898}
  - {x: 1403.5114, y: 10.439378}
  - {x: 1402.5612, y: 2.8293543}
  - {x: 1401.5184, y: -3.9835966}
  - {x: 1400.5009, y: -9.737891}
  - {x: 1399.6276, y: -14.171955}
  - {x: 1399.0162, y: -17.024208}
  - {x: 1398.7865, y: -18.033108}
  - {x: 1382.343, y: -17.899523}
  - {x: 1332.791, y: -17.444227}
  - {x: 1255.2052, y: -16.716272}
  - {x: 1154.661, y: -15.764703}
  - {x: 1036.2332, y: -14.6385565}
  - {x: 904.99774, y: -13.386895}
  - {x: 766.0289, y: -12.05875}
  - {x: 624.40234, y: -10.703177}
  - {x: 485.1934, y: -9.36922}
  - {x: 353.4769, y: -8.105925}
  - {x: 234.32819, y: -6.9623356}
  - {x: 132.82243, y: -5.987501}
  - {x: 54.034744, y: -5.230467}
  - {x: -15.085458, y: -4.5659814}
  m_AdjacentStartPoint: {x: 0, y: 0}
  m_AdjacentEndPoint: {x: 0, y: 0}
  m_UseAdjacentStartPoint: 0
  m_UseAdjacentEndPoint: 0
--- !u!61 &3983299712296178561
BoxCollider2D:
  m_ObjectHideFlags: 0
  m_CorrespondingSourceObject: {fileID: 0}
  m_PrefabInstance: {fileID: 0}
  m_PrefabAsset: {fileID: 0}
  m_GameObject: {fileID: 1811111659090890040}
  m_Enabled: 1
  m_Density: 1
  m_Material: {fileID: 0}
  m_IncludeLayers:
    serializedVersion: 2
    m_Bits: 0
  m_ExcludeLayers:
    serializedVersion: 2
    m_Bits: 0
  m_LayerOverridePriority: 0
  m_ForceSendLayers:
    serializedVersion: 2
    m_Bits: 4294967295
  m_ForceReceiveLayers:
    serializedVersion: 2
    m_Bits: 4294967295
  m_ContactCaptureLayers:
    serializedVersion: 2
    m_Bits: 4294967295
  m_CallbackLayers:
    serializedVersion: 2
    m_Bits: 4294967295
  m_IsTrigger: 0
  m_UsedByEffector: 0
  m_UsedByComposite: 0
  m_Offset: {x: -15.1483345, y: -0.13806963}
  m_SpriteTilingProperty:
    border: {x: 0, y: 0, z: 0, w: 0}
    pivot: {x: 0, y: 0}
    oldSize: {x: 0, y: 0}
    newSize: {x: 0, y: 0}
    adaptiveTilingThreshold: 0
    drawMode: 0
    adaptiveTiling: 0
  m_AutoTiling: 0
  serializedVersion: 2
  m_Size: {x: 0.13385773, y: 9.928374}
  m_EdgeRadius: 0
